<?xml version="1.0" encoding="UTF-8"?><collection xmlns="http://www.loc.gov/MARC21/slim"><record><leader>00599nam--2200181-i-4500</leader><controlfield tag="001">000035819</controlfield><controlfield tag="002">20161230</controlfield><controlfield tag="005">20161230201040</controlfield><controlfield tag="008">060222s1000------------r-----000-0-eng-d</controlfield><datafield ind1=" " ind2=" " tag="040"><subfield code="a">IFIN-HH</subfield></datafield><datafield ind1=" " ind2=" " tag="080"><subfield code="a">539.14</subfield></datafield><datafield ind1="1" ind2=" " tag="100"><subfield code="a">Lipkin, H.J</subfield></datafield><datafield ind1="1" ind2="0" tag="245"><subfield code="a">Nuclear structure</subfield><subfield code="b">Proccedings of the rehovoth conference on nuclear structure held at the weizmann institute of science rehovoth - september 8-14, 1957</subfield><subfield code="c">H.j. lipkin (ed.)</subfield></datafield><datafield ind1=" " ind2=" " tag="260"><subfield code="a">Amsterdam</subfield><subfield code="b">North-holland Publishing Company</subfield><subfield code="c">1958</subfield></datafield><datafield ind1=" " ind2=" " tag="300"><subfield code="a">XVI+614P</subfield></datafield><datafield ind1=" " ind2=" " tag="490"><subfield code="a">Proccedings</subfield></datafield><datafield ind1=" " ind2=" " tag="852"><subfield code="a">13146</subfield><subfield code="c">539.14</subfield></datafield><datafield ind1=" " ind2=" " tag="CAT"><subfield code="a">Sys</subfield><subfield code="c">20120321</subfield><subfield code="h">134421</subfield></datafield></record></collection>